% !Mode:: "TeX:UTF-8"
@book{optim,
  title={最优化理论与算法},
  author={陈宝林},
  year={2005},
  publisher={清华大学出版社有限公司}
}

@book{lange2013optimization,
  title={Optimization},
  author={Lange, Kenneth},
  volume={95},
  year={2013},
  publisher={Springer Science \& Business Media}
}

@article{grad_decent,
  title={梯度下降算法研究综述},
  author={李兴怡 and 岳洋},
  journal={软件工程},
  volume={23},
  number={2},
  pages={1--4},
  year={2020}
}

@article{ruder2016overview,
  title={An overview of gradient descent optimization algorithms},
  author={Ruder, Sebastian},
  journal={arXiv preprint arXiv:1609.04747},
  year={2016}
}
